<record xmlns='http://www.loc.gov/MARC21/slim'><leader>02154ntm a2200361Ii 4500</leader><controlfield tag='001'>991058301966306011</controlfield><controlfield tag='005'>20220506121100.0</controlfield><controlfield tag='008'>220506q14001499it            000 0 eng d</controlfield><datafield ind1=' ' ind2=' ' tag='035'><subfield code='a'>(OCoLC)1314385691h</subfield></datafield><datafield ind1=' ' ind2=' ' tag='035'><subfield code='a'>(OCoLC)on1314385691h</subfield></datafield><datafield ind1=' ' ind2=' ' tag='040'><subfield code='a'>HRH</subfield><subfield code='b'>eng</subfield><subfield code='e'>dcrmmss</subfield><subfield code='c'>HRH</subfield></datafield><datafield ind1=' ' ind2=' ' tag='041'><subfield code='a'>ita</subfield></datafield><datafield ind1=' ' ind2=' ' tag='049'><subfield code='a'>HRHH</subfield></datafield><datafield ind1=' ' ind2='9' tag='099'><subfield code='a'>MS 3327, Container 52</subfield></datafield><datafield ind1='0' ind2='0' tag='245'><subfield code='a'>Portolano de Venezia :</subfield><subfield code='k'>manuscript.</subfield></datafield><datafield ind1=' ' ind2='0' tag='264'><subfield code='a'>Italy (Venice) ;</subfield><subfield code='c'>15th century</subfield></datafield><datafield ind1=' ' ind2=' ' tag='300'><subfield code='a'>56 leaves :</subfield><subfield code='b'>paper,</subfield><subfield code='c'>29 x 20 cm</subfield></datafield><datafield ind1=' ' ind2=' ' tag='336'><subfield code='a'>text</subfield><subfield code='b'>txt</subfield><subfield code='2'>rdacontent</subfield></datafield><datafield ind1=' ' ind2=' ' tag='337'><subfield code='a'>unmediated</subfield><subfield code='b'>n</subfield><subfield code='2'>rdamedia</subfield></datafield><datafield ind1=' ' ind2=' ' tag='338'><subfield code='a'>volume</subfield><subfield code='b'>nc</subfield><subfield code='2'>rdacarrier</subfield></datafield><datafield ind1=' ' ind2=' ' tag='500'><subfield code='a'>Title from caption?</subfield></datafield><datafield ind1=' ' ind2=' ' tag='500'><subfield code='a'>Mercantesca script</subfield></datafield><datafield ind1=' ' ind2=' ' tag='506'><subfield code='a'>Unrestricted, for either reading room or classroom use.</subfield></datafield><datafield ind1=' ' ind2=' ' tag='520'><subfield code='a'>Contains port laws and sailing regulations for the port of Venice and the Mediterranean Sea, extensive descriptions of harbors and coasts in the Adriatic and Eastern Mediterranean, and a navigator&apos;s guide for directions and distances betweeen harbors.</subfield></datafield><datafield ind1=' ' ind2=' ' tag='590'><subfield code='a'>MS 3327, Container 52: Abbate Luigi Celotti (1768-1846); Sir Thomas Phillipps (1792-1872), no. 966; formerly in the Ransom Center Cartography Collection. Binding (England? 19th c?): Full brown tanned calfskin [imitation russia leather] over paper boards. Pulled-over caps, smooth spine,edges cut before sewing. Gold-tooled border, blind-tooled frame, front and back covers; gold and blind tooling on spine, title gold-tooled on spine; gold-tooled rolls on board edges, turn-ins. Sewn endbands, rectangular cores, blue/white(?) silk thread, front bead.  Sewn on five supports, laced on boards. Endleaf components: front tipped made endleaves, marbled paper/ off-white handmade laid paper, making stub, pastedown, two free endleaves; back same.</subfield></datafield><datafield ind1=' ' ind2='0' tag='651'><subfield code='a'>Adriatic Sea.</subfield></datafield><datafield ind1=' ' ind2='0' tag='651'><subfield code='a'>Mediterranean Sea.</subfield></datafield><datafield ind1=' ' ind2='7' tag='655'><subfield code='a'>Portolan charts.</subfield><subfield code='2'>rbgenr</subfield></datafield><datafield ind1='1' ind2=' ' tag='790'><subfield code='a'>Celotti, Luigi, approximately 1768-approximately 1846,</subfield><subfield code='e'>former owner.</subfield></datafield><datafield ind1='1' ind2=' ' tag='790'><subfield code='a'>Phillipps, Thomas, Sir, 1792-1872,</subfield><subfield code='e'>former owner.</subfield></datafield><datafield ind1='2' ind2=' ' tag='791'><subfield code='a'>Medieval and Early Modern Manuscripts Collection.</subfield></datafield><datafield ind1=' ' ind2=' ' tag='752'><subfield code='a'>Italy,</subfield><subfield code='e'>producation place.</subfield></datafield><datafield ind1=' ' ind2=' ' tag='994'><subfield code='a'>C0</subfield><subfield code='b'>HRH</subfield></datafield></record>
